<record><leader>00000cas a22000007a 4500</leader><controlfield tag="001">10002196</controlfield><controlfield tag="008">831011c195u9999ohusr ne      0    0eng d</controlfield><datafield ind1=" " ind2=" " tag="010"><subfield code="a">sn 83035530 </subfield></datafield><datafield ind1=" " ind2=" " tag="040"><subfield code="a">NPY</subfield><subfield code="b">eng</subfield><subfield code="c">NPY</subfield><subfield code="d">ONP</subfield><subfield code="d">OCLCQ</subfield><subfield code="d">OCLCF</subfield><subfield code="d">OCLCO</subfield><subfield code="d">OCLCQ</subfield></datafield><datafield ind1="0" ind2=" " tag="041"><subfield code="a">eng</subfield><subfield code="a">slv</subfield></datafield><datafield ind1=" " ind2=" " tag="042"><subfield code="a">msc</subfield></datafield><datafield ind1=" " ind2=" " tag="043"><subfield code="a">n-us-oh</subfield></datafield><datafield ind1="0" ind2=" " tag="130"><subfield code="a">Our voice (Cleveland, Ohio : 1959)</subfield></datafield><datafield ind1="1" ind2="0" tag="245"><subfield code="a">Our voice.</subfield></datafield><datafield ind1="1" ind2="3" tag="246"><subfield code="a">Glas SDZ</subfield></datafield><datafield ind1=" " ind2=" " tag="260"><subfield code="a">Cleveland, Ohio :</subfield><subfield code="b">Slovenian Mutual Benefit Association</subfield></datafield><datafield ind1=" " ind2=" " tag="300"><subfield code="a">volumes :</subfield><subfield code="b">illustrations ;</subfield><subfield code="c">56 cm</subfield></datafield><datafield ind1=" " ind2=" " tag="310"><subfield code="a">Semimonthly</subfield></datafield><datafield ind1=" " ind2=" " tag="336"><subfield code="a">text</subfield><subfield code="b">txt</subfield><subfield code="2">rdacontent</subfield></datafield><datafield ind1=" " ind2=" " tag="337"><subfield code="a">unmediated</subfield><subfield code="b">n</subfield><subfield code="2">rdamedia</subfield></datafield><datafield ind1=" " ind2=" " tag="338"><subfield code="a">volume</subfield><subfield code="b">nc</subfield><subfield code="2">rdacarrier</subfield></datafield><datafield ind1=" " ind2=" " tag="500"><subfield code="a">Editors: Raymond, Susnik, &lt;1961-1962&gt;; Stanley J. Modic, &lt;1968&gt;-1971; Margot A. Klima, 1971-1981; Rudolph M. Susel, 1982-</subfield></datafield><datafield ind1=" " ind2=" " tag="546"><subfield code="a">In English and Slovenian.</subfield></datafield><datafield ind1=" " ind2=" " tag="550"><subfield code="a">Official organ of: The Slovenian Mutual Benefit Association, &lt;1959-1969&gt;</subfield></datafield><datafield ind1=" " ind2=" " tag="550"><subfield code="a">Official organ of: American Mutual Life Association, &lt;1971&gt;-</subfield></datafield><datafield ind1=" " ind2=" " tag="588"><subfield code="a">Description based on: Vol. 21, no. 17 (Sept. 10, 1959).</subfield></datafield><datafield ind1=" " ind2="0" tag="650"><subfield code="a">Slovenes</subfield><subfield code="z">Ohio</subfield><subfield code="v">Newspapers.</subfield></datafield><datafield ind1=" " ind2="7" tag="650"><subfield code="a">Slovenes.</subfield><subfield code="2">fast</subfield><subfield code="0">(OCoLC)fst01121077</subfield></datafield><datafield ind1=" " ind2="7" tag="651"><subfield code="a">Ohio.</subfield><subfield code="2">fast</subfield><subfield code="0">(OCoLC)fst01205075</subfield></datafield><datafield ind1=" " ind2="7" tag="655"><subfield code="a">Newspapers.</subfield><subfield code="2">fast</subfield><subfield code="0">(OCoLC)fst01423814</subfield></datafield><datafield ind1="1" ind2=" " tag="700"><subfield code="a">Susnik, Raymond.</subfield></datafield><datafield ind1="1" ind2=" " tag="700"><subfield code="a">Modic, Stanley J.</subfield></datafield><datafield ind1="1" ind2=" " tag="700"><subfield code="a">Klima, Margot A.</subfield></datafield><datafield ind1="1" ind2=" " tag="700"><subfield code="a">Susel, Rudolph M.</subfield></datafield><datafield ind1="2" ind2=" " tag="710"><subfield code="a">Slovenian Mutual Benefit Association.</subfield></datafield><datafield ind1="2" ind2=" " tag="710"><subfield code="a">American Mutual Life Association.</subfield></datafield><datafield ind1=" " ind2=" " tag="752"><subfield code="a">United States</subfield><subfield code="b">Ohio</subfield><subfield code="c">Cuyahoga</subfield><subfield code="d">Cleveland.</subfield></datafield><datafield ind1="0" ind2="0" tag="780"><subfield code="t">Glas SDZ</subfield><subfield code="w">(DLC)sn 83035529</subfield></datafield></record>